@article{knuth84,
  author = {Knuth, Donald E.},
  title = {Literate Programming},
  year = {1984},
  issue_date = {May 1984},
  publisher = {Oxford University Press, Inc.},
  address = {USA},
  volume = {27},
  number = {2},
  issn = {0010-4620},
  url = {https://doi.org/10.1093/comjnl/27.2.97},
  doi = {10.1093/comjnl/27.2.97},
  journal = {Comput. J.},
  month = may,
  pages = {97–111},
  numpages = {15}
}



@article{
  newlanderEmpiricalStudyEffect2015,
  title={Empirical study of the effect of count time on the precision and accuracy of pXRF data},
  volume={3},
  ISSN={2352409X},
  url={https://linkinghub.elsevier.com/retrieve/pii/S2352409X15300584},
  DOI={10.1016/j.jasrep.2015.07.007},
  journal={Journal of Archaeological Science: Reports},
  author={Newlander, Khori and Goodale, Nathan and Jones, George T. and Bailey, David G.},
  year={2015},
  month={Sep},
pages={534–548} }

@article{
  johnsonBestPracticesPublishing2024,
  title={Best Practices for Publishing pXRF Analyses},
  volume={12},
  ISSN={2326-3768},
  url={https://www.cambridge.org/core/product/identifier/S2326376824000068/type/journal_article},
  DOI={10.1017/aap.2024.6},
  number={2},
  journal={Advances in Archaeological Practice},
  author={Johnson, Kimberly and Quinn, Colin P. and Goodale, Nathan and Conrey, Richard},
  year={2024},
  month={May},
pages={156–162} }

@article{
  marwickComputationalReproducibilityArchaeological2017,
  title={Computational Reproducibility in Archaeological Research: Basic Principles and a Case Study of Their Implementation},
  volume={24},
  ISSN={1573-7764},
  url={https://doi.org/10.1007/s10816-015-9272-9},
  DOI={10.1007/s10816-015-9272-9},
  number={2},
  journal={Journal of Archaeological Method and Theory},
  author={Marwick, Ben},
  year={2017},
  month={Jun},
pages={424–450} }
